@misc{acerlum2023,
  author       = {{Acerlum}},
  title        = {Qué es una atagua, sus tipos y usos en la industria de la construcción},
  year         = {2023},
  url          = {https://www.acerlum-esc.com/single-post/qu%C3%A9-es-una-atagua-sus-tipos-y-usos-en-la-industria-de-la-construcci%C3%B3n},
  note         = {Último acceso:14 de septiembre de 2024},
}

@misc{por2024,
  author = {Schlumberger Limited},
  title        = {Presión de poros},
  howpublished = {\url{https://glossary.slb.com/es/terms/p/pore_pressure}},
  note         = {Último acceso: 15 de septiembre de 2024},
  year         = {2024}
}

@misc{WebReference2024,
  author = {Estefania Copluccio},
  title = {¿Qué es la licuefacción?},
  year = {2021},
  howpublished = {\url{https://concepto.de/licuefaccion/}},
  note = {Último acceso: 15 de septiembre de 2024}
}

@book{budhuSoilMechanics,
  author    = {Muni Budhu},
  title     = {Soil Mechanics and Foundations},
  edition   = {3rd},
  url       = {https://ftp.idu.ac.id/wp-content/uploads/ebook/tdg/TERRAMECHANICS%20AND%20MOBILITY/budhu-soil-mechanics-foundations-3rd-txtbk.pdf},
  note = {Último acceso: 6 de octubre de 2024}
}

